% Provided articles
@article{Melnikov_2023,
  title     = {Quantum machine learning: from physics to software engineering},
  volume    = {8},
  issn      = {2374-6149},
  url       = {http://dx.doi.org/10.1080/23746149.2023.2165452},
  doi       = {10.1080/23746149.2023.2165452},
  number    = {1},
  journal   = {Advances in Physics: X},
  publisher = {Informa UK Limited},
  author    = {Melnikov, Alexey and Kordzanganeh, Mohammad and Alodjants,
  Alexander and Lee, Ray-Kuang},
  year      = {2023},
  month     = feb
}

@misc{disipio2021dawn,
  title         = {The Dawn of Quantum Natural Language Processing},
  author        = {Riccardo Di Sipio and Jia-Hong Huang and Samuel Yen-Chi
  Chen and Stefano Mangini and Marcel Worring},
  year          = {2021},
  eprint        = {2110.06510},
  archiveprefix = {arXiv},
  primaryclass  = {cs.CL}
}

@misc{li2023quantum,
  title         = {Quantum Self-Attention Neural Networks for Text
  Classification},
  author        = {Guangxi Li and Xuanqiang Zhao and Xin Wang},
  year          = {2023},
  eprint        = {2205.05625},
  archiveprefix = {arXiv},
  primaryclass  = {quant-ph}
}

@article{Cherrat_2024,
  title     = {Quantum Vision Transformers},
  volume    = {8},
  issn      = {2521-327X},
  url       = {http://dx.doi.org/10.22331/q-2024-02-22-1265},
  doi       = {10.22331/q-2024-02-22-1265},
  journal   = {Quantum},
  publisher = {Verein zur Forderung des Open Access Publizierens in den
  Quantenwissenschaften},
  author    = {Cherrat, El Amine and Kerenidis, Iordanis and Mathur,
  Natansh and Landman, Jonas and Strahm, Martin and Li, Yun Yvonna},
  year      = {2024},
  month     = feb,
  pages     = {1265}
}

@misc{bubeck2023sparks,
  title         = {Sparks of Artificial General Intelligence: Early experiments
  with GPT-4},
  author        = {Sébastien Bubeck and Varun Chandrasekaran and Ronen Eldan
    and Johannes Gehrke and Eric Horvitz and Ece Kamar and Peter Lee
    and Yin Tat Lee and Yuanzhi Li and Scott Lundberg and Harsha Nori
  and Hamid Palangi and Marco Tulio Ribeiro and Yi Zhang},
  year          = {2023},
  eprint        = {2303.12712},
  archiveprefix = {arXiv},
  primaryclass  = {cs.CL}
}

% Researched articles
@misc{vaswani2023attention,
  title         = {Attention Is All You Need},
  author        = {Ashish Vaswani and Noam Shazeer and Niki Parmar and Jakob
    Uszkoreit and Llion Jones and Aidan N. Gomez and Lukasz Kaiser and
  Illia Polosukhin},
  year          = {2023},
  eprint        = {1706.03762},
  archiveprefix = {arXiv},
  primaryclass  = {cs.CL}
}

@misc{Cara_2023,
  title   = {Quantum Transformers in google summer of code 2023 at ML4SCI},
  author  = {Cara, Marçal Comajoan},
  year    = {2023},
  url     = {https://salcc.github.io/blog/gsoc23/},
  journal = {Marçal Comajoan Cara}
}

@article{Liu_2021,
  title     = {A rigorous and robust quantum speed-up in supervised
  machine learning},
  volume    = {17},
  issn      = {1745-2481},
  url       = {http://dx.doi.org/10.1038/s41567-021-01287-z},
  doi       = {10.1038/s41567-021-01287-z},
  number    = {9},
  journal   = {Nature Physics},
  publisher = {Springer Science and Business Media LLC},
  author    = {Liu, Yunchao and Arunachalam, Srinivasan and Temme, Kristan},
  year      = {2021},
  month     = jul,
  pages     = {1013–1017}
}

@misc{dosovitskiy2021image,
  title         = {An Image is Worth 16x16 Words: Transformers for Image
  Recognition at Scale},
  author        = {Alexey Dosovitskiy and Lucas Beyer and Alexander Kolesnikov
    and Dirk Weissenborn and Xiaohua Zhai and Thomas Unterthiner and
    Mostafa Dehghani and Matthias Minderer and Georg Heigold and
  Sylvain Gelly and Jakob Uszkoreit and Neil Houlsby},
  year          = {2021},
  eprint        = {2010.11929},
  archiveprefix = {arXiv},
  primaryclass  = {cs.CV}
}

@article{McClean_2018,
  title     = {Barren plateaus in quantum neural network training landscapes},
  volume    = {9},
  issn      = {2041-1723},
  url       = {http://dx.doi.org/10.1038/s41467-018-07090-4},
  doi       = {10.1038/s41467-018-07090-4},
  number    = {1},
  journal   = {Nature Communications},
  publisher = {Springer Science and Business Media LLC},
  author    = {McClean, Jarrod R. and Boixo, Sergio and Smelyanskiy, Vadim
  N. and Babbush, Ryan and Neven, Hartmut},
  year      = {2018},
  month     = nov
}

@article{Cara2024QVT,
  author         = {Comajoan Cara, Marçal and Dahale, Gopal Ramesh and Dong,
    Zhongtian and Forestano, Roy T. and Gleyzer, Sergei and Justice,
    Daniel and Kong, Kyoungchul and Magorsch, Tom and Matchev,
  Konstantin T. and Matcheva, Katia and Unlu, Eyup B.},
  title          = {Quantum Vision Transformers for Quark–Gluon Classification},
  journal        = {Axioms},
  volume         = {13},
  year           = {2024},
  number         = {5},
  article-number = {323},
  url            = {https://www.mdpi.com/2075-1680/13/5/323},
  issn           = {2075-1680},
  doi            = {10.3390/axioms13050323}
}

@article{Schuld_2019,
  title     = {Evaluating analytic gradients on quantum hardware},
  volume    = {99},
  issn      = {2469-9934},
  url       = {http://dx.doi.org/10.1103/PhysRevA.99.032331},
  doi       = {10.1103/physreva.99.032331},
  number    = {3},
  journal   = {Physical Review A},
  publisher = {American Physical Society (APS)},
  author    = {Schuld, Maria and Bergholm, Ville and Gogolin, Christian
  and Izaac, Josh and Killoran, Nathan},
  year      = {2019},
  month     = mar
}

@misc{lloyd2020quantum,
  title         = {Quantum embeddings for machine learning},
  author        = {Seth Lloyd and Maria Schuld and Aroosa Ijaz and Josh Izaac
  and Nathan Killoran},
  year          = {2020},
  eprint        = {2001.03622},
  archiveprefix = {arXiv},
  primaryclass  = {quant-ph}
}

@misc{schuld2021supervised,
  title         = {Supervised quantum machine learning models are
  kernel methods},
  author        = {Maria Schuld},
  year          = {2021},
  eprint        = {2101.11020},
  archiveprefix = {arXiv},
  primaryclass  = {quant-ph}
}

@misc{huynh2023quantuminspiredmachinelearningsurvey,
  title         = {Quantum-Inspired Machine Learning: a Survey},
  author        = {Larry Huynh and Jin Hong and Ajmal Mian and Hajime
  Suzuki and Yanqiu Wu and Seyit Camtepe},
  year          = {2023},
  eprint        = {2308.11269},
  archiveprefix = {arXiv},
  primaryclass  = {cs.LG},
  url           = {https://arxiv.org/abs/2308.11269}
}
